<collection xmlns="http://www.loc.gov/MARC21/slim"><record><leader>00591nam  2200181   450</leader><controlfield tag="001">463</controlfield><controlfield tag="003">http://montalegre.opacnet.com/OPAC/default.aspx?ContentAreaControl=ShowRegHoldings.ascx&amp;RegNo=16662</controlfield><datafield tag="095" ind1=" " ind2=" "><subfield code="a">PTBN00538377</subfield></datafield><datafield tag="100" ind1=" " ind2=" "><subfield code="a">19940113d1949    m  y0pory010305  ba</subfield></datafield><datafield tag="101" ind1="1" ind2=" "><subfield code="a">por</subfield><subfield code="c">fre</subfield></datafield><datafield tag="102" ind1=" " ind2=" "><subfield code="a">PT</subfield></datafield><datafield tag="200" ind1="1" ind2=" "><subfield code="a">&lt;O &gt;noventa e três</subfield><subfield code="f">Victor Hugo</subfield><subfield code="g">trad. Chagas Franco</subfield></datafield><datafield tag="210" ind1=" " ind2=" "><subfield code="a">Guimarães</subfield><subfield code="c">Guimarães Editores</subfield><subfield code="d">1949]</subfield><subfield code="e">Lisboa</subfield><subfield code="g">Imp. Lucas</subfield></datafield><datafield tag="215" ind1=" " ind2=" "><subfield code="a">391 p.</subfield><subfield code="d">18 cm</subfield></datafield><datafield tag="675" ind1=" " ind2=" "><subfield code="a">821</subfield><subfield code="v">BN</subfield><subfield code="z">por</subfield></datafield><datafield tag="700" ind1=" " ind2="1"><subfield code="a">Hugo</subfield><subfield code="b">Victor</subfield><subfield code="f">1802-1885</subfield></datafield><datafield tag="702" ind1=" " ind2="1"><subfield code="a">Franco</subfield><subfield code="b">Chagas</subfield><subfield code="f">1878-1944</subfield><subfield code="4">730</subfield></datafield><datafield tag="801" ind1=" " ind2="0"><subfield code="a">PT</subfield><subfield code="b">Biblioteca Municipal de Montalegre</subfield><subfield code="g">RPC</subfield></datafield><datafield tag="909" ind1="&#9;" ind2=" "><subfield code="a">1</subfield></datafield><datafield tag="966" ind1=" " ind2=" "><subfield code="a">0012660</subfield><subfield code="l">BMM</subfield><subfield code="s">SCG 821 HUG nov</subfield></datafield></record></collection>